@misc{what's the difference between strong and weak ai?_2018,
url={http://humanparagon.com/strong-and-weak-ai/},
journal={Human Paragon},
year={2018}
},

@misc{overfitting_2018,
url={https://en.wikipedia.org/wiki/Overfitting},
journal={Wikipedia},
year={2018}
},

@misc{chandrayan_2017,
title={Machine Learning Part 3 : Logistic Regression – Towards Data Science},
url={https://towardsdatascience.com/machine-learning-part-3-logistics-regression-9d890928680f},
journal={Towards Data Science},
author={Chandrayan, Pramod},
year={2017}
},

@misc{schlobach_2018,
title={Intelligent Systems 2018 L4P2 More on Informed Search},
url={https://www.youtube.com/watch?v=nFfjcGKziQE&index=17&list=UUyRRg2ERDkUWKd2p3_KVidA},
journal={YouTube},
author={Schlobach, Stefan},
year={2018}
}